@article{student_carbon_footprint,
  author = {Chew-Hung Chang and Liberty Pascua},
  title = {Singapore students' articleonceptions of climate change},
  year = {2016}
}

@article{greenbuild_advant1,
  author = {Umberto Berardi and AmirHosein GhaffarianHoseini and Ali GhaffarianHoseini},
  journal = {Applied Energy},
  title = {State-of-the-art analysis of the environmental benefits of green roofs},
  volume = {115},
  year = {2014}
}

@article{energeff,
  author = {Karen Liu},
  journal = {Construction Canada},
  title = {Energy Efficiency and Environmental Benefits of Rooftop Gardens},
  volume = {44},
  year = {2002}
}

@article{nasa,
  author = {NASA},
  title = {The Effects of Climate Change},
}

@article{un,
  author = {{The United Nations}},
  title = {\#Envision2030 Goal 13: Climate Action},
}

@article{ecoeng,
  author = {Frédéric Madre and Alan Vergnes and Nathalie Machon and Philippe Clergeau},
  journal = {Ecological Engineering},
  title = {A comparison of 3 types of green roof as habitats for arthropods},
  volume = {57},
  year = {2013}
}

@article{HKGreenRoofGL,
  author = {Hui, Sam C M},
  journal = {Proceeding of Joint Symposium 2010 on Low Carbon High Performance Buildings},
  title = {Development of technical guidelines for green roof systems in Hong Kong},
  volume = {01},
  year = {2010}
}

@article{GRBuildEnSave,
  author = {Castleton, H.F. and Stovin, V. and Beck, S.B.M. and Davison, J.B.},
  journal = {Energy and Buildings},
  title = {Green roofs; building energy savings and the potential for retrofit},
  volume = {42},
  year = {2010}
}

@article{CommAwareGBSyd,
  author = {Sara J Wilkinson and Paul Osmond and Alison Heller and Jo Manion and Mark Sumich and Lucy Sharman},
  journal = {Community awareness of green roofs in Sydney Conference Proceedings},
  title = {Community awareness of green roofs in Sydney},
  year = {2014}
}

@article{CFGRSG,
  author = {Dr. Nalanie Mithraratne},
  journal = {Proceedings of the Sustainable Buildings - Construction Products and Technologies},
  title = {Carbon footprint of green roofs in Singapore}
}
